@inproceedings{Godefroid2011,
 author = {Godefroid, Patrice and Luchaup, Daniel},
 title = {Automatic Partial Loop Summarization in Dynamic Test Generation},
 booktitle = {Proceedings of the 2011 International Symposium on Software Testing and Analysis},
 series = {ISSTA '11},
 year = {2011},
 isbn = {978-1-4503-0562-4},
 location = {Toronto, Ontario, Canada},
 pages = {23--33},
 numpages = {11},
 url = {http://doi.acm.org/10.1145/2001420.2001424},
 doi = {10.1145/2001420.2001424},
 acmid = {2001424},
 publisher = {ACM},
 address = {New York, NY, USA},
 keywords = {loop invariant generation, program summarization, program testing and verification},
}
